
@article{Author01,
 author = {Mahalanobis, Abhijit, B. V. K. Vijaya Kumar, and David Casasent},
 title = {Minimum average correlation energy filters},
 journal = {Applied Optics},
 volume =  26,
 number = 17,
 pages = {3633--3640}
 year = 1987
}

@misc{Author02,
 author = {Lichman, M},
 title = {Dataset for ADL Recognition with Wrist-worn Accelerometer Data Set},
 note = {UCI Machine Learning Repository [http://archive.ics.uci.edu/ml]. Irvine, CA: University of California, School of Information and Computer Science},
 year = 2013
}

@article{Author03,
author = {Gafurov, D., Snekkenes, E., & Bours, P.},
title = {Gait authentication and identification using wearable accelerometer sensor},
journal = {Automatic Identification Advanced Technologies, 2007 IEEE Workshop on },
pages = {220--225}, 
year = 2007
}

